@misc{internet-stats,
  title = {{Internet World Stats}},
  howpublished = {\url{http://www.internetworldstats.com/stats.htm}},
  note = {Accessed: 2017-05-02}
}
@misc{syslog-ng,
  title = {{syslog-ng - Open Source log management solution}},
  howpublished = {\url{https://syslog-ng.org/}},
  note = {Accessed: 2016-05-15}
}
@misc{logstash,
  title = {Logstash | Elastic},
  howpublished = {\url{https://www.elastic.co/products/logstash}},
  note = {Accessed: 2016-05-15}
}
@misc{fluentd,
  title = {Fluentd | Open Source Data Collector | Unified Logging Layer},
  howpublished = {\url{http://www.fluentd.org/}},
  note = {Accessed: 2016-05-15}
}
@conference{humphreys1999distributed,
  title={{A distributed graphics system for large tiled displays}},
  author={Humphreys, G. and Hanrahan, P.},
  booktitle={Proceedings of the conference on Visualization'99: celebrating ten
years},
  pages={215--223},
  year={1999},
  organization={IEEE Computer Society Press}
}
@misc{ wiki:virtualReality,
   author = "Wikipedia",
   title = "Virtual reality --- Wikipedia{,} The Free Encyclopedia",
   year = "2011",
   url = "\url{http://en.wikipedia.org/w/index.php?title=Virtual_reality&oldid=421710601}",
   note = "[Online; accessed 6-April-2011]"
 }
@article{robb2000virtual,
  title={{Virtual endoscopy: development and evaluation using the Visible Human datasets}},
  author={Robb, RA},
  journal={Computerized medical imaging and graphics},
  volume={24},
  number={3},
  pages={133--151},
  issn={0895-6111},
  year={2000},
  publisher={Elsevier}
}